% -----------------------------------------------------------------------------------------
% articles:

@article{article1,
    author          = {Marowka, Ami},
    title           = {Analytic Comparison of Two Advanced C Language-Based Parallel Programming Models},
    journal         = {Parallel Research Lab},
    year            = {2004},
    location        = {Jerusalem, Israel},
    doi             = {http://dx.doi.org/10.1109/ISPDC.2004.11}
}

@article{article2,
    author          = {Sujatha, Kota and A. Arjuna, Rao and P.V. Nageswara, Rao and V.G. ,Sastry and V., Praneeta and Raj Kumar, Bharat},
    title           = {Multicore Parallel Processing Concepts for Effective Sorting and Searching},
    journal         = {IEEE},
    year            = {2015},
    location        = {Guntur, India},
    doi             = {http://dx.doi.org/10.1109/SPACES.2015.7058238}
}

@article{article3,
    author          = {Yang-Ming, Zhu and Steven M., Cochoff},
    title           = {Medical Image Viewing on Multicore Platforms Using Parallel Computing Patterns},
    journal         = {IEEE},
    year            = {2010},
    location        = {},
    doi             = {http://dx.doi.org/ 10.1109/MITP.2010.62}
}

@article{article4,
    author          = {Marowka, Ami},
    title           = {Think Parallel: Teaching Parallel Programming Today},
    journal         = {IEEE},
    year            = {2008},
    location        = {},
    doi             = {http://dx.doi.org/10.1109/MDSO.2008.24}
}

@article{article5,
    author          = {Krste, Asanović and Ras, Bodik and Bryan Christopher, Catanzaro and Joseph James, Gebis and Parry, Husbands and Kurt, Keutzer and David A., Patterson and William Lester, Plishker and John, Shalf and Samuel Webb, Williams and Katherine A., Yelick},
    title           = {The Landscape of Parallel Computing Research: A View from Berkeley},
    publisher       = {EECS Department, University of California},
    year            = {2006},
    location        = {Berkeley},
    doi             = {},
    url             = {https://www2.eecs.berkeley.edu/Pubs/TechRpts/2006/EECS-2006-183.html}
}

@article{article6,
    author          = {Mattson, Tim and Sanders, Beverly and Massingill, Berna},
    year            = {2004},
    month           = {09},
    pages           = {},
    title           = {Patterns for Parallel Programming},
    isbn            = {0321228111}
}

@article{article7,
    author          = {N.,  Zhang},
    journal         = {IEEE Transactions on Parallel and Distributed Systems},
    title           = {A Novel Parallel Scan for Multicore Processors and Its Application in Sparse Matrix-Vector Multiplication},
    year            = {2012},
    volume          = {23},
    number          = {3},
    pages           = {397-404},
    doi             = {http://dx.doi.org/10.1109/TPDS.2011.174},
    ISSN            = {},
    month           = {03}
}

@article{article8,
    author          = {Buluç, Aydin and Gilbert, John},
    year            = {2010},
    month           = {01},
    pages           = {},
    title           = {Highly Parallel Sparse Matrix-Matrix Multiplication},
    volume          = {abs/1006.2183},
    journal         = {CoRR}
}

@article{article9,
    author          = {Holt, J. and Agarwal, A. and Brehmer, S. and Domeika, M. and Griffin, P. and Schirrmeister, F.},
    journal         = {IEEE Micro},
    title           = {Software Standards for the Multicore Era},
    year            = {2009},
    volume          = {29},
    number          = {3},
    pages           = {40-51},
    doi             = {http://dx.doi.org/10.1109/MM.2009.48},
    ISSN            = {},
    month           = {05}
}

@article{article10,
    author          = {Karniadakis, George and Kirby, Robert},
    year            = {2003},
    month           = {01},
    pages           = {},
    title           = {Parallel Scientific Computing in C++ and MPI : A Seamless Approach to Parallel Algorithms and their Implementation},
    doi             = {10.1017/CBO9780511812583}
}

@article{article11,
    author          = {Karlsruhe Institute of Technology},
    title           = {Multi-core processors for mobility and industry 4.0},
    journal         = {PHYSORG},
    year            = {2016},
    location        = {Karlsruhe, Germany},
    url             = {https://phys.org/news/2016-12-multi-core-processors-mobility-industry.html}
}

@article{article12,
    author          = {Thoben, Klaus-Dieter and Wiesner, Stefan and Wuest, Thorsten},
    year            = {2017},
    month           = {01},
    pages           = {4-19},
    title           = {"Industrie 4.0" and Smart Manufacturing – A Review of Research Issues and Application Examples},
    volume          = {11},
    journal         = {International Journal of Automation Technology},
    doi             = {http://dx.doi.org/10.20965/ijat.2017.p0004}
}

@article{article13,
    author          = {Plattform Industrie 4.0},
    title           = {Positionspapier, Leitbild 2030 für Industrie 4.0 -  Digitale Ökosysteme global gestalten},
    journal         = {Plattform Industrie 4.0},
    year            = {2019},
    month           = {04},
    location        = {Germany},
    url             = {https://www.plattform-i40.de/PI40/Redaktion/DE/Downloads/Publikation/Positionspapier%20Leitbild.pdf?__blob=publicationFile&v=5}
}

@article{article14,
    author          = {Venu, Balaji},
    year            = {2011},
    month           = {10},
    pages           = {},
    title           = {Multi-core processors - An overview},
    url             = {https://www.researchgate.net/publication/51945986}
}

@article{article15,
    author          = {Adegbija, Tosiron and Rogacs, Anita and Patel, Chandrakant and Gordon-Ross, Ann},
    year            = {2017},
    month           = {06},
    pages           = {1-1},
    title           = {Microprocessor Optimizations for the Internet of Things: A Survey},
    volume          = {PP},
    journal         = {IEEE Transactions on Computer-Aided Design of Integrated Circuits and Systems},
    doi             = {http://dx.doi.org/10.1109/TCAD.2017.2717782}
}

@article{article16,
    author          = {Zikria, Yousaf and Kim, Sung and Hahm, Oliver and Afzal, Muhammad and Aalsalem, Mohammed},
    year            = {2019},
    month           = {04},
    pages           = {1-10},
    title           = {Internet of Things (IoT) Operating Systems Management: Opportunities, Challenges, and Solution},
    volume          = {8},
    journal         = {Sensors},
    doi             = {http://dx.doi.org/10.3390/s19081793}
}

@article{article17,
    author          = {M, Sheik Dawood},
    year            = {2018},
    month           = {12},
    pages           = {},
    title           = {Review on Applications of Internet of Things (IoT)},
    url             = {https://www.researchgate.net/publication/329672903}
}

@article{article18,
    author          = {Lesmoir-Gordon, Nigel},
    year            = {2012},
    month           = {06},
    pages           = {353},
    title           = {THE MANDELBROT SET, FRACTAL GEOMETRY AND BENOIT MANDELBROT - The Life and Work of a Maverick Mathematician},
    volume          = {34},
    journal         = {Medicographia},
    url             = {https://www.researchgate.net/publication/270285889}
}



@article{article19,
	author 			= {Koestler, Harald and Moeller, C. and Deserno, F},
	year 			= {2006},
	month 			= {01},
	title 			= {Performance Results for Optical Flow on an Opteron Cluster Using a Parallel 2D/3D Multigrid Solver},
	url				= {https://www.researchgate.net/publication/236892123}
}

% -----------------------------------------------------------------------------------------
% internet resources:

@online{internet1,
    author          = {van Engelen, Prof. Robert},
    title           = {Parallel Programming Models},
    year            = {},
    url             = {https://www.cs.fsu.edu/~engelen/courses/HPC/Models.pdf}
}

@online{internet2,
    author          = {Edgar, Gabriel},
    title           = {An Introduction to Parallel Computing},
    year            = {},
    url             = {http://www2.cs.uh.edu/~gabriel/courses/mpicourse_03_06/Introduction.pdf}
}

@online{internet3,
    author          = {Owens, John and Davis, U.C.},
    title           = {Parallel Programming Models Overview},
    year            = {2008},
    publisher       = {SIGGRAPH},
    location        = {Los Angles, Carlifornia},
    url             = {http://s08.idav.ucdavis.edu/owens-parallel-prog-models-overview.pdf}
}

@online{internet4,
    author          = {Owens, John and Davis, U.C.},
    title           = {Embracing Industry 4.0 and Rediscovering Growth},
    year            = {2019},
    publisher       = {Boston Consulting Group},
    location        = {Boston, Massachusetts},
    url             = {https://www.bcg.com/capabilities/operations/embracing-industry-4.0-rediscovering-growth.aspx}
}

@online{internet5,
    author          = {Plattform Industrie 4.0},
    title           = {Was is Industrie 4.0?},
    year            = {2019},
    publisher       = {www.bmwi.de},
    url             = {https://www.plattform-i40.de/PI40/Navigation/DE/Industrie40/WasIndustrie40/was-ist-industrie-40.html}
}

@online{internet6,
	author          = {Computer Hope},
	title           = {Computer processor history},
	year            = {2019},
	url             = {https://www.computerhope.com/history/processor.htm}
}

% -----------------------------------------------------------------------------------------
% books:

@book{book1,
    author          = {Thomas Rauber, Gudula R{\"u}nger},
    title           = {Parallel Programming for Multicore and Cluster Systems},
    year            = {2013},
    publisher       = {Second Edition, Springer Verlag},
    location        = {Germany}
}

@book{book2,
    author          = {Kumar, Vipin and Grama, A. and Gupta, Anshul and Karypis, George},
    year            = {1994},
    month           = {01},
    pages           = {},
    title           = {Introduction to parallel computing. Design and analysis of algorithms},
    volume          = {2},
    journal         = {Redwood City: Benjamin/Cummings}
}

@book{book3,
    author          = {Acar, Umut A. and Blelloch, Guy E.},
    title           = {Algorithms: Parallel and Sequential},
    year            = {2019},
    month           = {02},
    publisher       = {Carnegie Mellon University, Department of Computer Science},
    location        = {Pittsburgh, USA}
}

@book{book4,
    author          = {Torquati, Massimo and Bertels, Koen and Karlsson, Sven and Pacull, François},
    title           = {Smart Multicore Embedded Systems},
    year            = {2014},
    month           = {},
    publisher       = {Springer Verlag},
    location        = {New York, Heidelberg, Dordrecht and London},
    doi             = {http://dx.doi.org/10.1007/978-1-4614-8800-2}
}

@book{book5,
    author          = {Emerson, David},
    year            = {1997},
    month           = {09},
    pages           = {1-40},
    title           = {Introduction to Parallel Computing Using Advanced Architectures and Algorithms},
    url             = {https://www.researchgate.net/publication/321151707}
}

@book{book6,
    author          = {Amdahl, G.M.},
    title           = {Validity of the single processor approach to achieving large scale computing capabilities. In: Proceedings of Spring Joint Computer Conference},
    year            = {1967},
    pages           = {483-485},
    publisher       = {ACM},
    location        = {New York}
}

% -----------------------------------------------------------------------------------------
% inbook

@inbook{inbook1,
    author          = {Devai, Frank},
    year            = {2018},
    month           = {09},
    pages           = {79-96},
    title           = {The Refutation of Amdahl’s Law and Its Variants},
    isbn            = {978-3-662-58038-7},
    journal         = {Lecture Notes in Computer Science (including subseries Lecture Notes in Artificial Intelligence and Lecture Notes in Bioinformatics)},
    doi             = {http://dx.doi.org/10.1007/978-3-662-58039-4_5}
}

% -----------------------------------------------------------------------------------------

% misc

@misc{phdthesis1,
	author          = {Mashfiq, Khaled},
	title           = {NONLINEAR EARTHQUAKE ENGINEERING SIMULATION USING PARALLEL COMPUTING SYSTEM},
	month           = {12},
	year            = {2012},
	publisher       = {},
	pages	        = {2-5},
	doi				= {http://dx.doi.org/10.13140/RG.2.2.21215.87208}
}

@inproceedings{inproceedings1,
    author          = {Ivković, Jovan and Ivković, Jelena},
    year            = {2017},
    month           = {03},
    pages           = {},
    title           = {Analysis of the performance of the new generation of 32-bit Microcontrollers for IoT and Big Data Application}
}

@inproceedings{inproceedings2,
    author          = {Zhang, Nan},
    year            = {2010},
    month           = {05},
    pages           = {V2-30 },
    title           = {Working towards efficient parallel computing of integral images on multi-core processors},
    volume          = {2},
    doi             = {http://dx.doi.org/10.1109/ICCET.2010.5485338}
}

@inproceedings{inproceedings3,
    author          = {Vuksanović, Dragan and Vešić, Jelena and Korčok, Davor},
    year            = {2016},
    month           = {01},
    pages           = {293-298},
    title           = {Industry 4.0: the Future Concepts and New Visions of Factory of the Future Development},
    doi             = {http://dx.doi.org/10.15308/Sinteza-2016-293-298}
}

@inproceedings{inproceedings4,
    author          = {Gepner, Pawel and Kowalik, Michal},
    year            = {2006},
    month           = {01},
    pages           = {9-13},
    title           = {Multi-Core Processors: New Way to Achieve High System Performance.},
    journal         = {PARELEC 2006 - Proceedings: International Symposium on Parallel Computing in Electrical Engineering},
    doi             = {http://dx.doi.org/10.1109/PARELEC.2006.54}
}

@misc{misc1,
    author          = {Chasnov, Jeffrey R.},
    title           = {Introduction to Numerical Methods},
    month           = {},
    year            = {2012},
    publisher       = {Department of Mathematics},
    location        = {The Hong Kong University of Science and Technology}
}

@misc{image1,
    author          = {Daniels220 at English Wikipedia},
    title           = {SVG Graph illustrating Amdahl's law},
    month           = {04},
    year            = {2008},
    note            = {[Online; accessed October 29, 2019]},
    url             = {https://commons.wikimedia.org/w/index.php?curid=6678551}
}

% -----------------------------------------------------------------------------------------
